@book{kubernetes_up_and_running,
  author    = {Hightower, Kelsey and Burns, Brendan and Beda, Joe},
  title     = {Kubernetes: Up and Running},
  year      = {2019},
  publisher = {O'Reilly Media},
  edition   = {2nd}
}

@article{keda_paper,
  author  = {Author, Some},
  title   = {A Paper on KEDA},
  journal = {Journal of Cloud Computing},
  year    = {2023},
  volume  = {1},
  number  = {1},
  pages   = {1--10}
}

@online{keda_docs,
  author = {{KEDA Team}},
  title  = {KEDA Documentation},
  year   = {2023},
  url    = {https://keda.sh/docs/2.10/concepts/}
} 